<?xml version='1.0' encoding='UTF-8'?>
<record xmlns="http://www.loc.gov/MARC21/slim">
  <leader>01237cam a22003017a 4500</leader>
  <controlfield tag="001">2757091</controlfield>
  <controlfield tag="003">NjP</controlfield>
  <controlfield tag="005">20171010173306.0</controlfield>
  <controlfield tag="008">841015s1928    ua            000 0 ara  </controlfield>
  <datafield tag="024" ind1="7" ind2=" ">
    <subfield code="a">princeton_aco002069</subfield>
    <subfield code="2">local</subfield>
  </datafield>
  <datafield ind1=" " ind2=" " tag="010">
    <subfield code="a">   84960129 </subfield>
  </datafield>
  <datafield ind1=" " ind2=" " tag="035">
    <subfield code="a">(OCoLC)ocn178246732</subfield>
  </datafield>
  <datafield ind1=" " ind2=" " tag="035">
    <subfield code="a">(OCoLC)ocm21048022</subfield>
  </datafield>
  <datafield ind1=" " ind2=" " tag="040">
    <subfield code="a">DLC</subfield>
    <subfield code="c">PUL</subfield>
    <subfield code="d">PUL</subfield>
  </datafield>
  <datafield ind1=" " ind2=" " tag="035">
    <subfield code="a">(OCoLC)178246732</subfield>
  </datafield>
  <datafield ind1=" " ind2=" " tag="035">
    <subfield code="9">CNF0871TS</subfield>
  </datafield>
  <datafield ind1=" " ind2=" " tag="035">
    <subfield code="a">(NjP)2757091</subfield>
  </datafield>
  <datafield ind1="0" ind2="0" tag="050">
    <subfield code="a">HC830</subfield>
    <subfield code="b">.T87 1928</subfield>
  </datafield>
  <datafield ind1=" " ind2=" " tag="079">
    <subfield code="a">ocm21048022</subfield>
  </datafield>
  <datafield ind1=" " ind2=" " tag="049">
    <subfield code="a">PULL</subfield>
  </datafield>
  <datafield ind1="1" ind2=" " tag="100">
    <subfield code="6">880-01</subfield>
    <subfield code="a">Ṭūsūn, ʻUmar,</subfield>
    <subfield code="c">Prince,</subfield>
    <subfield code="d">1872-1944.</subfield>
    <subfield code="0">http://id.loc.gov/authorities/names/n84173650</subfield>
  </datafield>
  <datafield ind1="1" ind2="0" tag="245">
    <subfield code="6">880-02</subfield>
    <subfield code="a">Kalimāt fī sabīl Miṣr :</subfield>
    <subfield code="b">wa-hiya majmūʻat mā nushira min sanat 1918 ilá sanat 1927 M /</subfield>
    <subfield code="c">lil-Amīr ʻUmar Ṭūsūn.</subfield>
  </datafield>
  <datafield ind1=" " ind2=" " tag="260">
    <subfield code="6">880-03</subfield>
    <subfield code="a">al-Qāhirah :</subfield>
    <subfield code="b">al-Maṭbaʻah al-Salafīyah wa-Maktabatuhā,</subfield>
    <subfield code="c">1928.</subfield>
  </datafield>
  <datafield ind1=" " ind2=" " tag="300">
    <subfield code="a">286 p. ;</subfield>
    <subfield code="c">28 cm.</subfield>
  </datafield>
  <datafield ind1="1" ind2=" " tag="880">
    <subfield code="6">100-01/r</subfield>
    <subfield code="a">طوسون، عمر،</subfield>
    <subfield code="c">Prince،</subfield>
    <subfield code="d">1872-1944.</subfield>
  </datafield>
  <datafield ind1="1" ind2="0" tag="880">
    <subfield code="6">245-02/r</subfield>
    <subfield code="a">كلمات في سبيل مصر :</subfield>
    <subfield code="b">وهي مجموعة ما نشر من سنة 1918 الى سنة 1927 م /</subfield>
    <subfield code="c">للامير عمر طوسون.</subfield>
  </datafield>
  <datafield ind1=" " ind2=" " tag="880">
    <subfield code="6">260-03/r</subfield>
    <subfield code="a">القاهرة :</subfield>
    <subfield code="b">المطبعة السلفية ومكتبتها،</subfield>
    <subfield code="c">1928.</subfield>
  </datafield>
  <datafield ind1=" " ind2=" " tag="911">
    <subfield code="a">20000130</subfield>
  </datafield>
  <datafield ind1=" " ind2=" " tag="994">
    <subfield code="a">C0</subfield>
    <subfield code="b">PUL</subfield>
  </datafield>
  <datafield ind1=" " ind2=" " tag="999">
    <subfield code="a">2757091</subfield>
  </datafield>
  <datafield ind1="0" ind2="0" tag="852">
    <subfield code="0">3067853</subfield>
    <subfield code="b">nec</subfield>
    <subfield code="t">1</subfield>
    <subfield code="h">HC830</subfield>
    <subfield code="i">.T87 1928</subfield>
  </datafield>
  <datafield ind1=" " ind2=" " tag="959">
    <subfield code="a">2002-01-31 16:13:11 -0400</subfield>
  </datafield>
</record>
